<?xml version="1.0" encoding="UTF-8" ?><marc:collection xmlns:marc="http://www.loc.gov/MARC21/slim" xmlns:xsi="http://www.w3.org/2001/XMLSchema-instance" xsi:schemaLocation="http://www.loc.gov/MARC21/slim http://www.loc.gov/standards/marcxml/schema/MARC21slim.xsd">
<marc:record><marc:leader>00903nam a2200277Ia 4500</marc:leader>
<marc:controlfield tag="005">20130710212900.0</marc:controlfield>
<marc:controlfield tag="008">110201s2009    bl            000 0 por d</marc:controlfield><marc:datafield tag="020" ind1=" " ind2=" "><marc:subfield code="a">9788526001381</marc:subfield></marc:datafield><marc:datafield tag="040" ind1=" " ind2=" "><marc:subfield code="a">USP/SIBI</marc:subfield></marc:datafield><marc:datafield tag="041" ind1="0" ind2=" "><marc:subfield code="a">por</marc:subfield></marc:datafield><marc:datafield tag="044" ind1=" " ind2=" "><marc:subfield code="a">bl</marc:subfield></marc:datafield><marc:datafield tag="092" ind1=" " ind2=" "><marc:subfield code="a">301.2981072</marc:subfield></marc:datafield><marc:datafield tag="100" ind1="1" ind2=" "><marc:subfield code="a">Fernandes, Florestan</marc:subfield><marc:subfield code="d">1920-1995</marc:subfield></marc:datafield><marc:datafield tag="245" ind1="1" ind2="2"><marc:subfield code="a">A investigação etnológica no Brasil e outros ensaios</marc:subfield><marc:subfield code="c">Florestan Fernandes ; apresentação de Edgard de Assis Carvalho</marc:subfield></marc:datafield><marc:datafield tag="250" ind1=" " ind2=" "><marc:subfield code="a">2. ed. rev</marc:subfield></marc:datafield><marc:datafield tag="260" ind1=" " ind2=" "><marc:subfield code="a">São Paulo</marc:subfield><marc:subfield code="b">Global</marc:subfield><marc:subfield code="c">2009</marc:subfield></marc:datafield><marc:datafield tag="300" ind1=" " ind2=" "><marc:subfield code="a">320 p.</marc:subfield><marc:subfield code="c">23 cm.</marc:subfield></marc:datafield><marc:datafield tag="504" ind1=" " ind2=" "><marc:subfield code="a">Bibliografia</marc:subfield></marc:datafield><marc:datafield tag="650" ind1=" " ind2="7"><marc:subfield code="a">ANTROPOLOGIA CULTURAL E SOCIAL</marc:subfield><marc:subfield code="z">BRASIL</marc:subfield><marc:subfield code="2">larpcal</marc:subfield></marc:datafield><marc:datafield tag="650" ind1=" " ind2="7"><marc:subfield code="a">SOCIOLOGIA</marc:subfield><marc:subfield code="z">BRASIL</marc:subfield><marc:subfield code="2">larpcal</marc:subfield></marc:datafield><marc:datafield tag="650" ind1=" " ind2="7"><marc:subfield code="a">ETNOGRAFIA</marc:subfield><marc:subfield code="2">larpcal</marc:subfield></marc:datafield><marc:datafield tag="650" ind1=" " ind2="7"><marc:subfield code="a">ÍNDIOS (VIDA COTIDIANA)</marc:subfield><marc:subfield code="z">BRASIL</marc:subfield><marc:subfield code="2">larpcal</marc:subfield></marc:datafield><marc:datafield tag="650" ind1=" " ind2="7"><marc:subfield code="a">ETNOLOGIA</marc:subfield><marc:subfield code="z">BRASIL</marc:subfield><marc:subfield code="2">larpcal</marc:subfield></marc:datafield><marc:datafield tag="650" ind1=" " ind2="7"><marc:subfield code="a">TUPINAMBÁ</marc:subfield><marc:subfield code="2">larpcal</marc:subfield></marc:datafield><marc:datafield tag="700" ind1="1" ind2=" "><marc:subfield code="a">Carvalho, Edgard de Assis</marc:subfield><marc:subfield code="4">apres</marc:subfield></marc:datafield><marc:datafield tag="945" ind1=" " ind2=" "><marc:subfield code="a">L</marc:subfield><marc:subfield code="b">LIVRO</marc:subfield><marc:subfield code="c">01</marc:subfield></marc:datafield></marc:record>
</marc:collection>
